@article{anderson2015docker,
  title={Docker [software engineering]},
  author={Anderson, Charles},
  journal={IEEE Software},
  volume={32},
  number={3},
  pages={102--c3},
  year={2015},
  publisher={IEEE}
}

@article{boettiger2015introduction,
  title={An introduction to Docker for reproducible research},
  author={Boettiger, Carl},
  journal={ACM SIGOPS Operating Systems Review},
  volume={49},
  number={1},
  pages={71--79},
  year={2015},
  publisher={ACM}
}

@inproceedings{henkel2020mining,
  title={Mining Best Practices from Dockerfiles: Towards Better Support for DevOps Artifacts},
  author={Henkel, Jordan and Bird, Christian and Lahiri, Shuvendu K and Reps, Thomas},
  booktitle={Proceedings of the International Conference on Software Engineering (ICSE)},
  pages={To be appeared},
  year={2020},
  organization={ACM}
}

@inproceedings{wittern2016look,
  title={A look at the dynamics of the JavaScript package ecosystem},
  author={Wittern, Erik and Suter, Philippe and Rajagopalan, Shriram},
  booktitle={Proceedings of the 13th International Conference on Mining Software Repositories},
  pages={351--361},
  year={2016},
  organization={ACM}
}

@inproceedings{decan2016topology,
  title={On the topology of package dependency networks: A comparison of three programming language ecosystems},
  author={Decan, Alexandre and Mens, Tom and Claes, Maelick},
  booktitle={Proccedings of the 10th European Conference on Software Architecture Workshops},
  pages={1--4},
  year={2016},
  organization={ACM}
}


@article{zhang2017social,
  title={Social media in GitHub: the role of @-mention in assisting software development},
  author={Zhang, Yang and Wang, Huaimin and Yin, Gang and Wang, Tao and Yu, Yue},
  journal={Science China Information Sciences},
  volume={60},
  number={3},
  pages={032102},
  year={2017},
  publisher={Springer}
}

@article{landis1977measurement,
  title={The measurement of observer agreement for categorical data},
  author={Landis, J Richard and Koch, Gary G},
  journal={biometrics},
  pages={159--174},
  year={1977},
  publisher={JSTOR}
}

@article{gehan1965generalized,
  title={A generalized Wilcoxon test for comparing arbitrarily singly-censored samples},
  author={Gehan, Edmund A},
  journal={Biometrika},
  volume={52},
  number={1-2},
  pages={203--224},
  year={1965},
  publisher={Oxford University Press}
}


@article{macbeth2011cliff,
  title={Cliff's Delta Calculator: A non-parametric effect size program for two groups of observations},
  author={Macbeth, Guillermo and Razumiejczyk, Eugenia and Ledesma, Rub{\'e}n Daniel},
  journal={Universitas Psychologica},
  volume={10},
  number={2},
  pages={545--555},
  year={2011},
  publisher={Pontificia Universidad Javeriana}
}



@inproceedings{cito2017empirical,
  title={An empirical analysis of the docker container ecosystem on github},
  author={Cito, J{\"u}rgen and Schermann, Gerald and Wittern, John Erik and Leitner, Philipp and Zumberi, Sali and Gall, Harald C},
  booktitle={2017 IEEE/ACM 14th International Conference on Mining Software Repositories (MSR)},
  pages={323--333},
  year={2017},
  organization={IEEE}
}



@inproceedings{blincoe2015ecosystems,
  title={Ecosystems in GitHub and a method for ecosystem identification using reference coupling},
  author={Blincoe, Kelly and Harrison, Francis and Damian, Daniela},
  booktitle={2015 IEEE/ACM 12th Working Conference on Mining Software Repositories},
  pages={202--211},
  year={2015},
  organization={IEEE}
}




@article{zhang2019clustering,
  title={A clustering-based approach for mining dockerfile evolutionary trajectories},
  author={Zhang, Yang and Wang, Huaimin and Filkov, Vladimir},
  journal={Science China Information Sciences},
  volume={62},
  number={1},
  pages={19101},
  year={2019},
  publisher={Science China Press}
}



@article{wuempirical,
  title={An Empirical Study of Build Failures in the Docker Context},
  author={Wu, Yiwen and Zhang, Yang and Wang, Tao and Wang, Huaimin},
  booktitle={Proceedings of the 17th International Conference on Mining Software Repositories},
  pages={76--80},
  year={2020}
}




@inproceedings{zhang2018one,
  title={One size does not fit all: an empirical study of containerized continuous deployment workflows},
  author={Zhang, Yang and Vasilescu, Bogdan and Wang, Huaimin and Filkov, Vladimir},
  booktitle={Proceedings of the 2018 26th ACM Joint Meeting on European Software Engineering Conference and Symposium on the Foundations of Software Engineering},
  pages={295--306},
  year={2018}
}




@inproceedings{thung2013network,
  title={Network structure of social coding in github},
  author={Thung, Ferdian and Bissyande, Tegawende F and Lo, David and Jiang, Lingxiao},
  booktitle={2013 17th European conference on software maintenance and reengineering},
  pages={323--326},
  year={2013},
  organization={IEEE}
}



@inproceedings{zhang2018within,
  title={Within-ecosystem issue linking: a large-scale study of rails},
  author={Zhang, Yang and Yu, Yue and Wang, Huaimin and Vasilescu, Bogdan and Filkov, Vladimir},
  booktitle={Proceedings of the 7th International Workshop on Software Mining},
  pages={12--19},
  year={2018}
}



@inproceedings{lungu2010recovering,
  title={Recovering inter-project dependencies in software ecosystems},
  author={Lungu, Mircea and Robbes, Romain and Lanza, Michele},
  booktitle={Proceedings of the IEEE/ACM international conference on Automated software engineering},
  pages={309--312},
  year={2010}
}



@inproceedings{ossher2010automated,
  title={Automated dependency resolution for open source software},
  author={Ossher, Joel and Bajracharya, Sushil and Lopes, Cristina},
  booktitle={2010 7th IEEE Working Conference on Mining Software Repositories (MSR 2010)},
  pages={130--140},
  year={2010},
  organization={IEEE}
}


@phdthesis{lungu2009reverse,
  title={Reverse engineering software ecosystems},
  author={Lungu, Mircea F},
  year={2009},
  school={Universit{\`a} della Svizzera italiana}
}



@article{santana2013towards,
  title={Towards the analysis of software projects dependencies: An exploratory visual study of software ecosystems},
  author={Santana, Francisco W and Werner, Cl{\'a}udia ML},
  journal={IWSECO 2013 Proceedings},
  pages={1--12},
  year={2013},
  publisher={Citeseer}
}


@article{gonzalez2009macro,
  title={Macro-level software evolution: a case study of a large software compilation},
  author={Gonzalez-Barahona, Jesus M and Robles, Gregorio and Michlmayr, Martin and Amor, Juan Jos{\'e} and German, Daniel M},
  journal={Empirical Software Engineering},
  volume={14},
  number={3},
  pages={262--285},
  year={2009},
  publisher={Springer}
}


@article{decan2019empirical,
  title={An empirical comparison of dependency network evolution in seven software packaging ecosystems},
  author={Decan, Alexandre and Mens, Tom and Grosjean, Philippe},
  journal={Empirical Software Engineering},
  volume={24},
  number={1},
  pages={381--416},
  year={2019},
  publisher={Springer}
}




@inproceedings{zimmermann2008predicting,
  title={Predicting defects using network analysis on dependency graphs},
  author={Zimmermann, Thomas and Nagappan, Nachiappan},
  booktitle={Proceedings of the 30th international conference on Software engineering},
  pages={531--540},
  year={2008}
}


@inproceedings{nguyen2010studying,
  title={Studying the impact of dependency network measures on software quality},
  author={Nguyen, Thanh HD and Adams, Bram and Hassan, Ahmed E},
  booktitle={2010 IEEE International Conference on Software Maintenance},
  pages={1--10},
  year={2010},
  organization={IEEE}
}



@book{anderson2007long,
  title={The long tail: How endless choice is creating unlimited demand},
  author={Anderson, Chris},
  year={2007},
  publisher={Random House}
}




@inproceedings{hassan2018rudsea,
  title={RUDSEA: recommending updates of Dockerfiles via software environment analysis},
  author={Hassan, Foyzul and Rodriguez, Rodney and Wang, Xiaoyin},
  booktitle={Proceedings of the 33rd ACM/IEEE International Conference on Automated Software Engineering},
  pages={796--801},
  year={2018}
}



@article{mckight2010kruskal,
  title={Kruskal-wallis test},
  author={McKight, Patrick E and Najab, Julius},
  journal={The corsini encyclopedia of psychology},
  pages={1--1},
  year={2010},
  publisher={Wiley Online Library}
}